@book{texbook,
author = {D.E. Knuth},
title = {\textbf{The {\TeX}book}},
publisher = {Addison Wesley},
year = 1986
}
